<?xml version="1.0" encoding="UTF-8"?><collection xmlns="http://www.loc.gov/MARC21/slim"><record><leader>00438nam--2200181-i-4500</leader><controlfield tag="001">000035517</controlfield><controlfield tag="002">20161230</controlfield><controlfield tag="005">20161230201040</controlfield><controlfield tag="008">060222s1000------------r-----000-0-eng-d</controlfield><datafield ind1=" " ind2=" " tag="040"><subfield code="a">IFIN-HH</subfield></datafield><datafield ind1=" " ind2=" " tag="041"><subfield code="a">rum</subfield></datafield><datafield ind1=" " ind2=" " tag="080"><subfield code="a">519.4</subfield></datafield><datafield ind1="1" ind2=" " tag="100"><subfield code="a">Nastasescu, C</subfield></datafield><datafield ind1="1" ind2="0" tag="245"><subfield code="a">Inele-module-categorii</subfield><subfield code="c">C. nastasescu</subfield></datafield><datafield ind1=" " ind2=" " tag="260"><subfield code="a">Bucuresti</subfield><subfield code="b">Editura Academiei Rsr</subfield></datafield><datafield ind1=" " ind2=" " tag="300"><subfield code="a">301P</subfield></datafield><datafield ind1=" " ind2=" " tag="852"><subfield code="a">43241</subfield><subfield code="c">519.4/5</subfield></datafield><datafield ind1=" " ind2=" " tag="CAT"><subfield code="a">Sys</subfield><subfield code="c">20130813</subfield><subfield code="h">140603</subfield></datafield></record></collection>